@ARTICLE{Negueruela2018,
       author = {{Negueruela}, I. and {Mongui{\'o}}, M. and {Marco}, A. and
         {Tabernero}, H.~M. and {Gonz{\'a}lez-Fern{\'a}ndez}, C. and {Dorda}, R.},
        title = "{Berkeley 51, a young open cluster with four yellow supergiants}",
      journal = {\mnras},
     keywords = {stars: evolution, supergiants, open clusters and associations: individual: Berkeley 51, Astrophysics - Solar and Stellar Astrophysics, Astrophysics - Astrophysics of Galaxies},
         year = 2018,
        month = jul,
       volume = {477},
       number = {3},
        pages = {2976-2990},
          doi = {10.1093/mnras/sty718},
archivePrefix = {arXiv},
       eprint = {1803.07477},
 primaryClass = {astro-ph.SR},
       adsurl = {https://ui.adsabs.harvard.edu/abs/2018MNRAS.477.2976N},
      adsnote = {Provided by the SAO/NASA Astrophysics Data System}
}

@ARTICLE{Lohr2018,
       author = {{Lohr}, M.~E. and {Negueruela}, I. and {Tabernero}, H.~M. and
         {Clark}, J.~S. and {Lewis}, F. and {Roche}, P.},
        title = "{New Cepheid variables in the young open clusters Berkeley 51 and Berkeley 55}",
      journal = {\mnras},
     keywords = {stars: variables: Cepheids, open clusters and associations: individual: Berkeley 51, open clusters and associations: individual: Berkeley 55, open clusters and associations: individual: NGC 6603, Galaxy: structure, Astrophysics - Solar and Stellar Astrophysics, Astrophysics - Astrophysics of Galaxies},
         year = 2018,
        month = aug,
       volume = {478},
       number = {3},
        pages = {3825-3831},
          doi = {10.1093/mnras/sty1280},
archivePrefix = {arXiv},
       eprint = {1805.05663},
 primaryClass = {astro-ph.SR},
       adsurl = {https://ui.adsabs.harvard.edu/abs/2018MNRAS.478.3825L},
      adsnote = {Provided by the SAO/NASA Astrophysics Data System}
}

@ARTICLE{Tadross2008,
       author = {{Tadross}, A.~L.},
        title = "{A Catalogue of previously unstudied Berkeley clusters}",
      journal = {\mnras},
     keywords = {catalogues, surveys, Hertzsprung-Russell (HR) diagram, open clusters and associations: general, open clusters and associations: individual: Berkeley},
         year = 2008,
        month = sep,
       volume = {389},
       number = {1},
        pages = {285-291},
          doi = {10.1111/j.1365-2966.2008.13554.x},
       adsurl = {https://ui.adsabs.harvard.edu/abs/2008MNRAS.389..285T},
      adsnote = {Provided by the SAO/NASA Astrophysics Data System}
}

@ARTICLE{Ruprecth1966,
       author = {{Ruprecht}, J.},
        title = "{Classification of open star clusters}",
      journal = {Bulletin of the Astronomical Institutes of Czechoslovakia},
         year = 1966,
        month = jan,
       volume = {17},
        pages = {33},
       adsurl = {https://ui.adsabs.harvard.edu/abs/1966BAICz..17...33R},
      adsnote = {Provided by the SAO/NASA Astrophysics Data System}
}




@article{Gaia2018,
   title={Gaia Data Release 2},
   volume={616},
   ISSN={1432-0746},
   url={http://dx.doi.org/10.1051/0004-6361/201833051},
   DOI={10.1051/0004-6361/201833051},
   journal={Astronomy & Astrophysics},
   publisher={EDP Sciences},
   author={Brown, A. G. A. and Vallenari, A. and Prusti, T. and de Bruijne, J. H. J. and Babusiaux, C. and Bailer-Jones, C. A. L. and Biermann, M. and Evans, D. W. and Eyer, L. and et al.},
   year={2018},
   month={Aug},
   pages={A1}
}

@article{Gullon2014,
  title={Population synthesis of isolated neutron stars with magneto-rotational evolution},
  author={Gull{\'o}n, Miguel and Miralles, Juan A and Vigan{\`o}, Daniele and Pons, Jos{\'e} A},
  journal={Monthly Notices of the Royal Astronomical Society},
  volume={443},
  number={3},
  pages={1891--1899},
  year={2014},
  publisher={Oxford University Press}
}

@article{Burgay2006,
  title={The parkes high-latitude pulsar survey},
  author={Burgay, M. and Joshi, B. C. and D'Amico, Nicolo' and Possenti, A. and Lyne, A. G. and Manchester, R. N. and McLaughlin, M. A. and Kramer, M. and Camilo, F. and Freire, P. C. C.},
  journal={Monthly Notices of the Royal Astronomical Society},
  volume={368},
  number={1},
  pages={283--292},
  year={2006},
  publisher={Blackwell Publishing Ltd Oxford, UK}
}

@article{Manchester2001,
  title={The Parkes multi-beam pulsar survey--I. Observing and data analysis systems, discovery and timing of 100 pulsars},
  author={Manchester, R. N. and Lyne, A. G. and Camilo, F. and Bell, J. F. and Kaspi, V. M. and D'Amico, Nicolo' and McKay, N. P. F. and Crawford, F and Stairs, IH and Possenti, A and others},
  journal={Monthly Notices of the Royal Astronomical Society},
  volume={328},
  number={1},
  pages={17--35},
  year={2001},
  publisher={Blackwell Science Ltd Oxford, UK}
}

@article{Edwards2001,
  title={The Swinburne intermediate-latitude pulsar survey},
  author={Edwards, R. T. and Bailes, M. and Van Straten, W. and Britton, M. C.},
  journal={Monthly Notices of the Royal Astronomical Society},
  volume={326},
  number={1},
  pages={358--374},
  year={2001},
  publisher={Blackwell Science Ltd Oxford, UK}
}